<?xml version="1.0" encoding="UTF-8"?><record xmlns="http://www.loc.gov/MARC21/slim" xmlns:cinclude="http://apache.org/cocoon/include/1.0" xmlns:zs="http://www.loc.gov/zing/srw/">
  <leader>00631nz  a2200169n  4500</leader>
  <controlfield tag="001">no2005043714</controlfield>
  <controlfield tag="003">DLC</controlfield>
  <controlfield tag="005">20050510052000.0</controlfield>
  <controlfield tag="008">050509n| acannaabn          |a aaa     c</controlfield>
  <datafield tag="010" ind1=" " ind2=" ">
    <subfield code="a">no2005043714</subfield>
  </datafield>
  <datafield tag="035" ind1=" " ind2=" ">
    <subfield code="a">(OCoLC)oca06629532</subfield>
  </datafield>
  <datafield tag="040" ind1=" " ind2=" ">
    <subfield code="a">NIC</subfield>
    <subfield code="b">eng</subfield>
    <subfield code="c">NIC</subfield>
  </datafield>
  <datafield tag="100" ind1="0" ind2=" ">
    <subfield code="a">A. J. Printson,</subfield>
    <subfield code="d">1965-</subfield>
  </datafield>
  <datafield tag="400" ind1="1" ind2=" ">
    <subfield code="a">Printson, A. J.,</subfield>
    <subfield code="d">1965-</subfield>
  </datafield>
  <datafield tag="400" ind1="0" ind2=" ">
    <subfield code="a">Apirak Sonprint,</subfield>
    <subfield code="d">1965-</subfield>
  </datafield>
  <datafield tag="670" ind1=" " ind2=" ">
    <subfield code="a">A. J. Printson. Similan Krāphūngā. Tō̜n Pritsanā rīan trā mangkō̜n, 2005:</subfield>
    <subfield code="b">t.p. (A. J. Printson)</subfield>
  </datafield>
  <datafield tag="670" ind1=" " ind2=" ">
    <subfield code="a">Similan Krapu-nga WWW home page, May 4, 2005 (b. Aug, 1965 at Bangkok, Thailand ; pseud.: A.J. Printson, Apirak Sonprint)</subfield>
  </datafield>
</record>